@inproceedings{kummerle2011g2o,
  title={g2o: A general framework for graph optimization},
  author={KÃ¼mmerle, Rainer and Grisetti, Giorgio and Strasdat, Hauke and Konolige, Kurt and Burgard, Wolfram},
  booktitle={2011 IEEE International Conference on Robotics and Automation},
  pages={3607--3613},
  year={2011},
  organization={IEEE}
}

@article{grisetti2010tutorial,
  title={A tutorial on graph-based SLAM},
  author={Grisetti, Giorgio and Kummerle, Rainer and Stachniss, Cyrill and Burgard, Wolfram},
  journal={IEEE Intelligent Transportation Systems Magazine},
  volume={2},
  number={4},
  pages={31--43},
  year={2010},
  publisher={IEEE}
}

